<?xml version="1.0" encoding="UTF-8"?><collection xmlns="http://www.loc.gov/MARC21/slim"><record><leader>00441nam--2200181-i-4500</leader><controlfield tag="001">000048162</controlfield><controlfield tag="002">20161230</controlfield><controlfield tag="005">20161230201046</controlfield><controlfield tag="008">060222s1000------------r-----000-0-rus-d</controlfield><datafield ind1=" " ind2=" " tag="040"><subfield code="a">IFIN-HH</subfield></datafield><datafield ind1=" " ind2=" " tag="041"><subfield code="a">rus</subfield></datafield><datafield ind1=" " ind2=" " tag="080"><subfield code="a">534</subfield></datafield><datafield ind1="1" ind2=" " tag="100"><subfield code="a">Bulgakov, B.V</subfield></datafield><datafield ind1="1" ind2="0" tag="245"><subfield code="a">Kolebania</subfield><subfield code="c">B.V. Bulgakov</subfield></datafield><datafield ind1=" " ind2=" " tag="260"><subfield code="a">Moskva</subfield><subfield code="b">Tehniko-Teoreticeskoi Literaturi</subfield><subfield code="c">1949</subfield></datafield><datafield ind1=" " ind2=" " tag="787"><subfield code="a">Vol. 1</subfield><subfield code="h">464p</subfield></datafield><datafield ind1=" " ind2=" " tag="852"><subfield code="a">78561</subfield><subfield code="c">534</subfield></datafield><datafield ind1=" " ind2=" " tag="CAT"><subfield code="a">Sys</subfield><subfield code="c">20101013</subfield><subfield code="h">141646</subfield></datafield></record></collection>